<?xml version="1.0" encoding="UTF-8"?><collection xmlns="http://www.loc.gov/MARC21/slim"><record><leader>00492nam--2200145-i-4500</leader><controlfield tag="001">000003925</controlfield><controlfield tag="002">20161230</controlfield><controlfield tag="005">20170304211450</controlfield><controlfield tag="008">060222s1000------------r-----000-0-eng-d</controlfield><datafield ind1=" " ind2=" " tag="100"><subfield code="a">Cogan, S</subfield></datafield><datafield ind1=" " ind2=" " tag="245"><subfield code="a">Organizarea sistemului de conducere dispecer i n cadrul trusturilor, al intreprinderilor si a l santierelor de constructii, 1954</subfield></datafield><datafield ind1=" " ind2=" " tag="260"><subfield code="a">Bucuresti</subfield><subfield code="b">Editura De Stat Pentru Arhitectura Si Constructii</subfield><subfield code="c">1954</subfield></datafield><datafield ind1=" " ind2=" " tag="300"><subfield code="a">195 p</subfield></datafield><datafield ind1=" " ind2=" " tag="852"><subfield code="a">69:338.062.15</subfield></datafield><datafield ind1=" " ind2=" " tag="CAT"><subfield code="a">SYS</subfield><subfield code="c">20170304</subfield><subfield code="h">211450</subfield></datafield></record></collection>